@article{constantine14,
    author = {Constantine, Paul and Dow, Eric and Wang, Qiqi},
    journal = {SIAM Journal on Scientific Computing},
    title = {Active Subspace Methods in Theory and Practice: Applications to Kriging Surfaces.},
    volume = {36},
    year = {2014}
    }
    
@book{constantine15,
  title={Active Subspaces: Emerging Ideas for Dimension Reduction in Parameter Studies},
  author={Constantine, Paul},
  isbn={9781611973860},
  series={SIAM Spotlights},
  url={https://books.google.com/books?id=AuJ9BwAAQBAJ},
  year={2015},
  publisher={Society for Industrial and Applied Mathematics}
}

@misc{NeurIPS19,
  doi={10.48550/ARXIV.1902.10652},
  url={https://arxiv.org/abs/1902.10652},
  author={Zhang, Guannan and Zhang, Jiaxin and Hinkle, Jacob},
  keywords={Functional Analysis (math.FA), FOS: Mathematics, FOS: Mathematics},
  title={Learning nonlinear level sets for dimensionality reduction in function approximation},
  publisher={arXiv},
  year={2019},
  copyright={arXiv.org perpetual, non-exclusive license}
}

@article{athena,
    author = {Romor, Francesco and Tezzele, Marco and Rozza, Gianluigi},
    doi = {10.1016/j.simpa.2021.100133},
    journal = {Software Impacts},
    pages = {100133},
    title = {ATHENA: Advanced Techniques for High dimensional parameter spaces to Enhance Numerical Analysis},
    volume = {10},
    year = {2021}
    }

@article{activesubspaces,
    author = {Constantine, Paul},
    doi = {10.5281/zenodo.158941},
    journal = {Software Impacts},
    title = {Active Subspaces},
    year = {2010}
}

@article{wingfunction,
    title={Virtual Library of Simulation Experiments: Test Functions and Datasets},
    author={Surjanovic, Sonja and Bingham, Derek},
    year={2013},
    publisher={Simon Fraser University},
    url={http://www.sfu.ca/~ssurjano/wingweight.html}
}

@article{pistonfunction,
    title={Virtual Library of Simulation Experiments: Test Functions and Datasets},
    author={Surjanovic, Sonja and Bingham, Derek},
    year={2013},
    publisher={Simon Fraser University},
    url={https://www.sfu.ca/~ssurjano/piston.html}
}

@article{circuitfunction,
    title={Virtual Library of Simulation Experiments: Test Functions and Datasets},
    author={Surjanovic, Sonja and Bingham, Derek},
    year={2013},
    publisher={Simon Fraser University},
    url={https://www.sfu.ca/~ssurjano/otlcircuit.html}
}

@article{ebola,
    author = {Diaz, Paul and Constantine, Paul and Kalmbach, Kelsey and Jones, Eric and Pankavich, Stephen},
    doi = {10.48550/arXiv.1603.04955},
    journal = {Cornell University},
    pages = {28},
    title = {A Modified SEIR Model for the Spread of Ebola in Western Africa and Metrics for Resource Allocation},
    volume = {3},
    year = {2016}
    }